@article{cleveland1990stl,
  title={{STL}: A seasonal-trend decomposition procedure based on {L}oess},
  author={Cleveland, Robert B and Cleveland, William S and McRae, Jean E and Terpenning, Irma},
  journal={Journal of Official Statistics},
  volume={6},
  number={1},
  pages={3--73},
  year={1990},
}


@ARTICLE{BC64,
  title   = "An analysis of transformations",
  author  = "Box, George E P and Cox, David R",
  journal = "Journal of the Royal Statistical Society. Series B, Statistical
             methodology",
  volume  =  26,
  number  =  2,
  pages   = "211--252",
  year    =  1964
}

@ARTICLE{Poynting1884,
  title     = "A Comparison of the Fluctuations in the Price of Wheat and in
               the Cotton and Silk Imports into Great Britain",
  author    = "Poynting, J H",
  journal   = "Journal of the Statistical Society of London",
  volume    =  47,
  number    =  1,
  pages     = "34--74",
  year      =  1884,
}

@article{hooker1901suspension,
  title={The suspension of the {Berlin} produce exchange and its effect upon corn prices},
  author={Hooker, Reginald H},
  journal={Journal of the Royal Statistical Society},
  volume={64},
  number={4},
  pages={574--613},
  year={1901},
}

@article{spencer1904graduation,
  title={On the Graduation of the Rates of Sickness and Mortality Presented by the Experience of the {Manchester Unity of Oddfellows} during the Period 1893-97},
  author={Spencer, John},
  journal={Journal of the Institute of Actuaries},
  volume={38},
  number={4},
  pages={334--343},
  year={1904},
}

@article{anderson1914nochmals,
  title={The Elimination of Spurious Correlation Due to Position in Time or Space},
  author={Anderson, Von O and Nochmals, Uber},
  journal={Biometrika},
  pages={269--279},
  volume = 10,
  number = {2/3},
  year={1914},
}

@article{copeland1915statistical,
  title={Statistical indices of business conditions},
  author={Copeland, Melvin T},
  journal={The Quarterly Journal of Economics},
  pages={522--562},
  year={1915},
  volume = 29,
  number = 3 ,
}

@article{burman1980seasonal,
  title={Seasonal adjustment by signal extraction},
  author={Burman, J Peter},
  journal={Journal of the Royal Statistical Society (Series A)},
  pages={321--337},
  volume = 143,
  number = 3,
  year={1980},
}

@article{macaulay1930smooth,
  title={The smoothing of time series},
  author={Macaulay, Frederick R},
  journal={NBER Books},
  year={1931},
  publisher={National Bureau of Economic Research, Inc}
}

@techreport{shiskin1957electronic,
  title={Electronic Computers and Business Indicators},
  author={Shiskin, Julius},
  year={1957},
  type = {Occasional Paper},
  number={57},
  institution={National Bureau of Economic Research}
}

@techreport{shishkin1967x,
  title={The {X-11} variant of the {Census II} method seasonal adjustment program},
  author={Shishkin, J and Young, A H and Musgrave, J C},
  institution={Bureau of the Census, US Department of Commerce},
  number={15},
  year={1967}
}

@book{dagum1988x11arima,
  title={The {X11ARIMA/88} Seasonal Adjustment Method: Foundations and User's Manual},
  author={Dagum, Estela Bee},
  year={1988},
  publisher={Statistics Canada, Time Series Research and Analysis Division}
}

@article{findley2005some,
  title={Some recent developments and directions in seasonal adjustment},
  author={Findley, David F},
  journal={Journal of Official Statistics},
  volume={21},
  number={2},
  pages={343},
  year={2005},
  publisher={ALMQVIST \& WIKSELL INTERNATIONAL}
}

@inproceedings{monsell2003toward,
  title={Toward {X-13}?},
  author={Monsell, BC and Aston, JAD and Koopman, SJ},
  year={2003},
  institution = {U.S. Census Bureau},
  url = {http://www.census.gov/ts/papers/jsm2003bcm.pdf},
  booktitle={{Proceedings of the American Statistical Association, Section on Business and Economic Statistics}},
}


@article{Commandeur2011,
  author =  "Jacques J. F. Commandeur and Siem Jan Koopman and Marius  Ooms",
  title = "Statistical Software for State Space Methods",
  journal = "Journal of Statistical Software",
  volume =  "41",
  number =  "1",
  pages = "1--18",
  year =  "2011",
  CODEN = "JSSOBK",
  ISSN =  "1548-7660",
  bibdate = "2010-12-20",
  URL =   "http://www.jstatsoft.org/v41/i01",
  accepted =  "2010-12-20",
  acknowledgement = "",
  submitted = "2009-08-22",
}

@article{findley1998new,
  title={New capabilities and methods of the {X-12-ARIMA} seasonal-adjustment program},
  author={Findley, David F and Monsell, Brian C and Bell, William R and Otto, Mark C and Chen, Bor-Chung},
  journal={Journal of Business \& Economic Statistics},
  volume={16},
  number={2},
  pages={127--152},
  year={1998},
  publisher={Taylor \& Francis}
}

@Manual{R,
    title = {R: A Language and Environment for Statistical Computing},
    author = {{R Core Team}},
    organization = {R Foundation for Statistical Computing},
    address = {Vienna, Austria},
    year = {2020},
    url = {http://www.R-project.org/},
  }

@article{de2011forecasting,
  title={Forecasting time series with complex seasonal patterns using exponential smoothing},
  author={{De~Livera}, Alysha M and Hyndman, Rob J and Snyder, Ralph D},
  journal={Journal of the American Statistical Association},
  volume={106},
  number={496},
  pages={1513--1527},
  year={2011},
  publisher={Taylor \& Francis}
}

@book{harvey1990forecasting,
  title={Forecasting, structural time series models and the {K}alman filter},
  author={Harvey, Andrew C},
  year={1990},
  publisher={Cambridge University Press}
}

@article{harvey1997modeling,
  title={The modeling and seasonal adjustment of weekly observations},
  author={Harvey, Andrew C and Koopman, Siem Jan and Riani, Marco},
  journal={Journal of Business \& Economic Statistics},
  volume={15},
  number={3},
  pages={354--368},
  year={1997},
  publisher={Taylor \& Francis Group}
}

@INBOOK{Gomez2001,
  title     = "Seasonal adjustment and signal extraction in economic time
               series",
  author    = "G{\'o}mez, Victor and Maravall, Agust{\'\i}n",
  editor    = "Pe{\~n}a, Daniel and Tiao, George C and Tsay, Ruey S",
  publisher = "John Wiley \& Sons",
  pages     = "202--246",
  year      =  2001
}
@book{Wood,
author = {Wood, Simon N},
publisher = {CRC Press},
title = {Generalized Additive Models: an introduction with {R}},
year = {2006}
}

@article{findley2009stock,
  title={Stock series holiday regressors generated by flow series holiday regressors},
  author={Findley, David F and Monsell, Brian C and Hou, Chieh-Tse},
  journal = {Taiwan Economic Forecast and Policy},
  volume = 43,
  number=1,
  pages={75-122},
  year={2012}
}



@inproceedings{findley2000modeling,
  title={Modeling and model selection for moving holidays},
  author={Findley, D F and Soukup, R J},
  booktitle={{Proceedings of the Business and Economic Statistics Section of the American Statistical Association}},
  pages={102--107},
  year={2000}
}

@inproceedings{bell2004modeling,
  title={Modeling time-varying trading-day effects in monthly time series},
  author={Bell, William R and Martin, Donald E K},
  booktitle={Proceedings of the {Joint Statistical Meetings}},
  pages={8--12},
  year={2004}
}

@techreport{hoodexperiences,
  title={Experiences with User-Defined Regressors for Seasonal Adjustment},
  author={Hood, Catherine C Harvill and Feldpausch, Roxanne},
  year={2011},
  institution = {Catherine Hood Consulting},
  url = {http://www.catherinechhood.net/papers/chood_asa2011.pdf}
}


@book{seber2012linear,
  title={Linear regression analysis},
  author={Seber, George A F and Lee, Alan J},
  year={2003},
  edition ={2nd ed.},
  publisher={John Wiley \& Sons}
}

@book{RWC02,
address = {New York},
author = {Ruppert, David and Wand, Matthew P and Carroll, Raymond J},
publisher = {Cambridge University Press},
title = {Semiparametric Regression},
year = {2003}
}


@book{koenker2005quantile,
  title={Quantile regression},
  author={Koenker, Roger},
  year={2005},
  publisher={Cambridge University Press}
}

@Manual{quantregR,
    title = {quantreg: Quantile Regression},
    author = {Roger Koenker},
    year = {2020},
    note = {R package version 5.75},
    url = {https://CRAN.R-project.org/package=quantreg},
  }


@ARTICLE{BoxTiao1975,
  title   = "Intervention Analysis with Applications to Economic and
             Environmental Problems",
  author  = "Box, G E P and Tiao, G C",
  journal = "Journal of the American Statistical Association",
  volume  =  70,
  number  =  349,
  pages   = "70--79",
  year    =  1975,
}

@Manual{stR,
    title = {stR: STR Decomposition},
    author = {Alexander Dokumentov and Rob J Hyndman},
    year = {2018},
    note = {R package version 0.4},
    url = {https://CRAN.R-project.org/package=stR},
  }

@book{ladiray2001seasonal,
  title={Seasonal Adjustment with the {X-11} Method},
  author={Ladiray, Dominique and Quenneville, Benoit},
  series={Lecture Notes in Statistics 158},
  publisher={Springer},
  address={New York, USA},
  year={2001}
}

@Manual{rmarkdown,
    title = {rmarkdown: Dynamic Documents for R},
    author = {JJ Allaire and Yihui Xie and Jonathan McPherson and Javier Luraschi and Kevin Ushey and Aron Atkins and Hadley Wickham and Joe Cheng and Winston Chang and Richard Iannone},
    year = {2020},
    note = {R package version 2.5.3},
    url = {https://github.com/rstudio/rmarkdown},
  }


@Manual{Rforecast,
  title = {{forecast}: {Forecasting Functions for Time Series and Linear Models}},
  year = {2021},
  author = {Rob J Hyndman and George Athanasopoulos and Christoph Bergmeir and Gabriel Caceres and Leanne Chhay and Mitchell O'Hara-Wild and Fotios Petropoulos and Slava Razbash and Earo Wang and Farah Yasmeen and {R Core Team} and Ross Ihaka and Daniel Reid and David Shaub and Yuan Tang and Zhenyu Zhou},
  url = {https://CRAN.R-project.org/package=forecast},
  version = {8.14},
}

